<record><leader>00000cas a22000007a 4500</leader><controlfield tag="001">23574604</controlfield><controlfield tag="008">910419d19161969mnudn ne      0    0eng d</controlfield><datafield ind1=" " ind2=" " tag="010"><subfield code="a">sn 91059111 </subfield></datafield><datafield ind1=" " ind2=" " tag="040"><subfield code="a">MN#</subfield><subfield code="b">eng</subfield><subfield code="c">MN#</subfield><subfield code="d">OCLCQ</subfield><subfield code="d">OCLCF</subfield><subfield code="d">OCLCO</subfield></datafield><datafield ind1=" " ind2=" " tag="042"><subfield code="a">msc</subfield></datafield><datafield ind1=" " ind2=" " tag="043"><subfield code="a">n-us-mn</subfield></datafield><datafield ind1=" " ind2=" " tag="052"><subfield code="a">4144</subfield><subfield code="b">O9</subfield></datafield><datafield ind1=" " ind2=" " tag="052"><subfield code="a">4143</subfield><subfield code="b">S7</subfield></datafield><datafield ind1="0" ind2=" " tag="130"><subfield code="a">Daily people's press (Owatonna, Minn.)</subfield></datafield><datafield ind1="1" ind2="4" tag="245"><subfield code="a">The daily people's press.</subfield></datafield><datafield ind1=" " ind2=" " tag="260"><subfield code="a">Owatonna, Steele County, Minn. :</subfield><subfield code="b">Benj. E. Darby,</subfield><subfield code="c">-1969.</subfield></datafield><datafield ind1=" " ind2=" " tag="300"><subfield code="a">v.</subfield></datafield><datafield ind1=" " ind2=" " tag="310"><subfield code="a">Daily except Monday,</subfield><subfield code="b">Dec. 10, 1916-Feb. 8, 1969</subfield></datafield><datafield ind1=" " ind2=" " tag="321"><subfield code="a">Daily except Sunday,</subfield><subfield code="b">&lt;Mar. 2, 1916&gt;-Dec. 9, 1916</subfield></datafield><datafield ind1="1" ind2=" " tag="362"><subfield code="a">Began Mar. 1, 1916.</subfield></datafield><datafield ind1="0" ind2=" " tag="362"><subfield code="a">-53rd year, no. 288 (Feb. 8, 1969).</subfield></datafield><datafield ind1=" " ind2=" " tag="530"><subfield code="a">Available on microfilm from the Minnesota Historical Society.</subfield></datafield><datafield ind1=" " ind2=" " tag="588"><subfield code="a">Description based on: Vol. 1, no. 2 (Mar. 2, 1916).</subfield></datafield><datafield ind1=" " ind2="0" tag="651"><subfield code="a">Owatonna (Minn.)</subfield><subfield code="v">Newspapers.</subfield></datafield><datafield ind1=" " ind2="7" tag="655"><subfield code="a">Newspapers.</subfield><subfield code="2">fast</subfield><subfield code="0">(OCoLC)fst01423814</subfield></datafield><datafield ind1=" " ind2="7" tag="651"><subfield code="a">Minnesota</subfield><subfield code="z">Owatonna.</subfield><subfield code="2">fast</subfield><subfield code="0">(OCoLC)fst01208537</subfield></datafield><datafield ind1=" " ind2=" " tag="752"><subfield code="a">United States</subfield><subfield code="b">Minnesota</subfield><subfield code="c">Steele</subfield><subfield code="d">Owatonna.</subfield></datafield><datafield ind1="0" ind2=" " tag="775"><subfield code="t">People's press (Owatonna, Minn.)</subfield><subfield code="w">(DLC)sn 85025560</subfield></datafield><datafield ind1="0" ind2="5" tag="780"><subfield code="t">People's press (Owatonna, Minn.)</subfield><subfield code="w">(DLC)sn 85025560</subfield></datafield><datafield ind1="0" ind2="0" tag="785"><subfield code="t">Owatonna people's press</subfield><subfield code="w">(DLC)sn 86002377</subfield></datafield></record>